@article{MacchiettoZS,
author = {Macchietto, Adriano and Zordan, Victor and Shelton, Christian},
year = {2009},
month = {07},
pages = {},
title = {Momentum Control for Balance},
volume = {28},
journal = {ACM Trans. Graph.},
doi = {10.1145/1576246.1531386}
}

@inproceedings{AbeSP,
author = {Abe, Yeuhi and Silva, Marco and Popovic, Jovan},
year = {2007},
month = {01},
pages = {249-258},
title = {Multiobjective control with frictional contacts},
doi = {10.1145/1272690.1272724}
}

@inproceedings{carpentier2019pinocchio,
   title={The Pinocchio C++ library -- A fast and flexible implementation of rigid body dynamics algorithms and their analytical derivatives},
   author={Carpentier, Justin and Saurel, Guilhem and Buondonno, Gabriele and Mirabel, Joseph and Lamiraux, Florent and Stasse, Olivier and Mansard, Nicolas},
   booktitle={IEEE International Symposium on System Integrations (SII)},
   year={2019}
}
